@Comment Publishers
@string{ACM="{Association for Computing Machinery}"}
@string{IEEE="{Institute of Electrical and Electronics Engineers}"}
@string{INTERNETSOCIETY="{The Internet Society}"}
@string{SPRINGER="{Springer}"}
@string{USENIX="{USENIX Association}"}
@string{VLDBEND="{VLDB Endowment}"}

@Comment Proceedings Abbreviations
@string{ASPLOS="{Proc.\ International Conference on Architectural Support for Programming Languages and Operating Systems (ASPLOS)}"}
@string{ATC="{Proc.\ USENIX Annual Technical Conference (ATC)}"}
@string{CCS="Proc.\ ACM SIGSAC Conference on Computer and Communications Security (CCS)"}
@string{CIDR="Proc.\ Conference on Innovative Data Systems Research (CIDR)"}
@string{CONEXT="{Proc.\ ACM International Conference on emerging Networking EXperiments and Technologies (CoNEXT)}"}
@string{DISC="{Proc.\ International Symposium on Distributed Computing (DISC)}"}
@string{EUROSYS="{Proc.\ ACM European Conference on Computer Systems (EuroSys)}"}
@string{FAST="{Proc.\ USENIX Conference on File and Storage Technologies (FAST)}"}
@string{HOTOS="{Proc.\ Workshop on Hot Topics in Operating Systems (HotOS)}"}
@string{ICDE="{Proc.\ IEEE International Conference on Data Engineering (ICDE)}"}
@string{SP="{Proc.\ IEEE Symposium on Security and Privacy (S\&P)}"}
@string{ICDCS="{Proc.\ IEEE International Conference on Distributed Computing Systems (ICDCS)}"}
@string{ICNP="{Proc.\ IEEE International Conference on Network Protocols (ICNP)}"}
@string{INFOCOM="{Proc.\ IEEE International Conference on Computer Communications (INFOCOM)}"}
@string{ISCA="{Proc.\ International Symposium on Computer Architecture (ISCA)}"}
@string{ISPASS="{Proc.\ IEEE International Symposium on Performance Analysis of Systems and Software (ISPASS)}"}
@string{IWQOS="{Proc.\ IEEE/ACM International Symposium on Quality of Service (IWQoS)}"}
@string{MICRO="{Proc.\ IEEE/ACM International Symposium on Microarchitecture (MICRO)}"}
@string{NDSS="{Proc.\ Network and Distributed System Security Symposium (NDSS)}"}
@string{NSDI="{Proc.\ USENIX Symposium on Networked Systems Design and Implementation (NSDI)}"}
@string{OPODIS="{Proc.\ International Conference On Principles Of Distributed Systems (OPODIS)}"}
@string{OSDI="{Proc.\ USENIX Symposium on Operating Systems Design and Implementation (OSDI)}"}
@string{PDIS="{Proc.\ International Conference on Parallel and Distributed Information Systems (PDIS)}"}
@string{PODC="{Proc.\ ACM Symposium on Principles of Distributed Computing (PODC)}"}
@string{PODS="{Proc.\ ACM Symposium on Principles of Database Systems (PODS)}"}
@string{POPL="{Proc.\ ACM SIGPLAN-SIGACT Symposium on Principles of Programming Languages (POPL)}"}
@string{SIGCOMM="{Proc.\ ACM SIGCOMM Conference}"}
@string{SIGMETRICS="{Proc.\ ACM SIGMETRICS International Conference on Measurement and Modeling of Computer Systems}"}
@string{SIGMOD="{Proc.\ ACM International Conference on Management of Data (SIGMOD)}"}
@string{SOCC="{Proc.\ ACM Symposium on Cloud Computing (SOCC)}"}
@string{SOSP="{Proc.\ ACM Symposium on Operating Systems Principles (SOSP)}"}
@string{STOC="{Proc.\ ACM Symposium on Theory of Computing (STOC)}"}
@string{USENIXSEC="{Proc.\ USENIX Security Symposium}"}
@string{VLDBCONF="{Proc.\ International Conference on Very Large Data Bases (VLDB)}"}

@Comment Proceedings
@proceedings{asplos2008,
  booktitle=ASPLOS,
  address={Seattle, WA},
  month=mar,
  year=2008,
  publisher=ACM,
}

@proceedings{asplos2009,
  booktitle=ASPLOS,
  address={Washington, DC},
  month=mar,
  year=2009,
  publisher=ACM,
}

@proceedings{asplos2020,
  booktitle=ASPLOS,
  address={Lausanne, Switzerland},
  month=mar,
  year=2020,
  publisher=ACM,
}

@proceedings{atc2004,
  booktitle=ATC,
  address={Boston, MA},
  month=jun,
  year=2004,
  publisher=USENIX,
}

@proceedings{atc2010,
  booktitle=ATC,
  address={Boston, MA},
  month=jun,
  year=2010,
  publisher=USENIX,
}

@proceedings{atc2013,
  booktitle=ATC,
  address={San Jose, CA},
  month=jun,
  year=2013,
  publisher=USENIX,
}

@proceedings{atc2016,
  booktitle=ATC,
  address={Denver, CO},
  month=jun,
  year=2016,
  publisher=USENIX,
}

@proceedings{atc2018,
  booktitle=ATC,
  address={Boston, MA},
  month=jul,
  year=2018,
  publisher=USENIX,
}

@proceedings{atc2019,
  booktitle=ATC,
  address={Renton, WA},
  month=jul,
  year=2019,
  publisher=USENIX,
}

@proceedings{ccs2012,
  booktitle=CCS,
  address={Raleigh, NC},
  month=oct,
  year=2012,
  publisher=ACM,
}

@proceedings{ccs2013,
  booktitle=CCS,
  address={Berlin, Germany},
  month=nov,
  year=2013,
  publisher=ACM,
}

@proceedings{ccs2014,
  booktitle=CCS,
  address={Scottsdale, AZ},
  month=nov,
  year=2014,
  publisher=ACM,
}

@proceedings{ccs2015,
  booktitle=CCS,
  address={Denver, CO},
  month=oct,
  year=2015,
  publisher=ACM,
}

@proceedings{cidr2015,
  booktitle=CIDR,
  address={Asilomar, CA},
  month=jan,
  year=2015,
  publisher={\url{cidrdb.org}},
}

@proceedings{conext2014,
  booktitle=CONEXT,
  address={Sydney, Australia},
  month=dec,
  year=2014,
  publisher=ACM,
}

@proceedings{disc1999,
  booktitle=DISC,
  address={Bratislava, Slovakia},
  month=sep,
  year=1999,
  publisher=SPRINGER,
}

@proceedings{disc2003,
  booktitle=DISC,
  address={Sorrento, Italy},
  month=oct,
  year=2003,
  publisher=SPRINGER,
}

@proceedings{eurosys2010,
  booktitle=EUROSYS,
  address={Paris, France},
  month=apr,
  year=2010,
  publisher=ACM,
}

@proceedings{eurosys2012,
  booktitle=EUROSYS,
  address={Bern, Switzerland},
  month=apr,
  year=2012,
  publisher=ACM,
}

@proceedings{eurosys2013,
  booktitle=EUROSYS,
  address={Prague, Czech Republic},
  month=apr,
  year=2013,
  publisher=ACM,
}

@proceedings{eurosys2014,
  booktitle=EUROSYS,
  address={Amsterdam, The Netherlands},
  month=apr,
  year=2014,
  publisher=ACM,
}

@proceedings{eurosys2016,
  booktitle=EUROSYS,
  address={London, United Kingdom},
  month=apr,
  year=2016,
  publisher=ACM,
}

@proceedings{eurosys2018,
  booktitle=EUROSYS,
  address={Porto, Portugal},
  month=apr,
  year=2018,
  publisher=ACM,
}

@proceedings{fast2013,
  booktitle=FAST,
  address={Santa Jose, CA},
  month=feb,
  year=2013,
  publisher=USENIX,
}

@proceedings{fast2014,
  booktitle=FAST,
  address={Santa Clara, CA},
  month=feb,
  year=2014,
  publisher=USENIX,
}

@proceedings{hotos2015,
  booktitle=HOTOS,
  address={Kartause Ittingen, Switzerland},
  month=may,
  year=2015,
  publisher=USENIX,
}

@proceedings{icdcs2016,
  booktitle=ICDCS,
  address={Nara, Japan},
  month=jun,
  year=2016,
  publisher=IEEE,
}

@proceedings{icde1993,
  booktitle=ICDE,
  address={Vienna, Austria},
  month=apr,
  year=1993,
  publisher=IEEE,
}

@proceedings{icde2001,
  booktitle=ICDE,
  address={Heidelberg, Germany},
  month=apr,
  year=2001,
  publisher=IEEE,
}

@proceedings{icde2013,
  booktitle=ICDE,
  address={Brisbane, Australia},
  month=jun,
  year=2013,
  publisher=IEEE,
}

@proceedings{icnp2013,
  booktitle=ICNP,
  address={Goettingen, Germany},
  month=oct,
  year=2013,
  publisher=IEEE,
}

@proceedings{sp2013,
  booktitle=SP,
  address={Berkeley, CA},
  month=may,
  year=2013,
  publisher=IEEE,
}

@proceedings{sp2016,
  booktitle=SP,
  address={San Jose, CA},
  month=may,
  year=2016,
  publisher=IEEE,
}

@proceedings{infocom2014,
  booktitle=INFOCOM,
  address={Toronto, ON, Canada},
  month=apr,
  year=2014,
  publisher=IEEE,
}

@proceedings{infocom2015,
  booktitle=INFOCOM,
  address={Hong Kong, China},
  month=apr,
  year=2015,
  publisher=IEEE,
}

@proceedings{isca2011,
  booktitle=ISCA,
  address={San Jose, CA},
  month=jun,
  year=2011,
  publisher=IEEE,
}

@proceedings{isca2016,
  booktitle=ISCA,
  address={Seoul, Korea},
  month=jun,
  year=2016,
  publisher=IEEE,
}

@proceedings{ispass2015,
  booktitle=ISPASS,
  address={Philadelphia, PA},
  month=mar,
  year=2015,
  publisher=IEEE,
}

@proceedings{iwqos2013,
  booktitle=IWQOS,
  address={Montreal, QC, Canada},
  month=jun,
  year=2013,
  publisher=IEEE,
}

@proceedings{micro2018,
  booktitle=MICRO,
  address={Fukuoka City, Japan},
  month=oct,
  year=2018,
  publisher=IEEE,
}

@proceedings{ndss2012,
  booktitle=NDSS,
  address={San Diego, CA},
  month=feb,
  year=2012,
  publisher=INTERNETSOCIETY,
}

@proceedings{ndss2017,
  booktitle=NDSS,
  address={San Diego, CA},
  month=feb,
  year=2017,
  publisher=INTERNETSOCIETY,
}

@proceedings{nsdi2006,
  booktitle=NSDI,
  address={San Jose, CA},
  month=may,
  year=2006,
  publisher=USENIX,
}

@proceedings{nsdi2010,
  booktitle=NSDI,
  address={San Jose, CA},
  month=apr,
  year=2010,
  publisher=USENIX,
}

@proceedings{nsdi2011,
  booktitle=NSDI,
  address={Boston, MA},
  month=apr,
  year=2011,
  publisher=USENIX,
}

@proceedings{nsdi2013,
  booktitle=NSDI,
  address={Lombard, IL},
  month=apr,
  year=2013,
  publisher=USENIX,
}

@proceedings{nsdi2015,
  booktitle=NSDI,
  address={Oakland, CA},
  month=may,
  year=2015,
  publisher=USENIX,
}

@proceedings{nsdi2016,
  booktitle=NSDI,
  address={Santa Clara, CA},
  month=mar,
  year=2016,
  publisher=USENIX,
}

@proceedings{nsdi2018,
  booktitle=NSDI,
  address={Renton, WA},
  month=apr,
  year=2018,
  publisher=USENIX,
}

@proceedings{nsdi2019,
  booktitle=NSDI,
  address={Boston, MA},
  month=feb,
  year=2019,
  publisher=USENIX,
}

@proceedings{nsdi2020,
  booktitle=NSDI,
  address={Santa Clara, CA},
  month=feb,
  year=2020,
  publisher=USENIX,
}

@proceedings{opodis2009,
  booktitle=OPODIS,
  address={N\^{\i}mes, France},
  month=dec,
  year=2009,
  publisher=SPRINGER,
}

@proceedings{osdi1999,
  booktitle=OSDI,
  address={New Orleans, LA},
  month=feb,
  year=1999,
  publisher=USENIX,
}

@proceedings{osdi2004,
  booktitle=OSDI,
  address={San Francisco, CA},
  month=dec,
  year=2004,
  publisher=USENIX,
}

@proceedings{osdi2006,
  booktitle=OSDI,
  address={Seattle, WA},
  month=nov,
  year=2006,
  publisher=USENIX,
}

@proceedings{osdi2010,
  booktitle=OSDI,
  address={Vancouver, BC, Canada},
  month=oct,
  year=2010,
  publisher=USENIX,
}

@proceedings{osdi2012,
  booktitle=OSDI,
  address={Hollywood, CA},
  month=oct,
  year=2012,
  publisher=USENIX,
}

@proceedings{osdi2014,
  booktitle=OSDI,
  address={Broomfield, CO},
  month=oct,
  year=2014,
  publisher=USENIX,
}

@proceedings{osdi2016,
  booktitle=OSDI,
  address={Savannah, GA},
  month=nov,
  year=2016,
  publisher=USENIX,
}

@proceedings{osdi2018,
  booktitle=OSDI,
  address={Carlsbad, CA},
  month=oct,
  year=2018,
  publisher=USENIX,
}

@proceedings{osdi2020,
  booktitle=OSDI,
  address={Virtual Event},
  month=nov,
  year=2020,
  publisher=USENIX,
}

@proceedings{pdis1993,
  booktitle=PDIS,
  address={San Diego, CA},
  month=jan,
  year=1993,
  publisher=IEEE,
}

@proceedings{pdis1994,
  booktitle=PDIS,
  address={Austin, TX},
  month=sep,
  year=1994,
  publisher=IEEE,
}

@proceedings{podc1987,
  booktitle=PODC,
  address={Vancouver, British Columbia, Canada},
  month=dec,
  year=1987,
  publisher=ACM,
}

@proceedings{podc1988,
  booktitle=PODC,
  address={Toronto, Ontario, Canada},
  month=aug,
  year=1988,
  publisher=ACM,
}

@proceedings{podc2017,
  booktitle=PODC,
  address={Washington, DC},
  month=jul,
  year=2017,
  publisher=ACM,
}

@proceedings{podc2019,
  booktitle=PODC,
  address={Toronto ON, Canada},
  month=jul,
  year=2019,
  publisher=ACM,
}

@proceedings{popl2004,
  booktitle=POPL,
  address={Venice, Italy},
  month=jan,
  year=2004,
  publisher=ACM,
}

@proceedings{popl2006,
  booktitle=POPL,
  address={Charleston, SC},
  month=jan,
  year=2006,
  publisher=ACM,
}

@proceedings{sigcomm1996,
  booktitle=SIGCOMM,
  address={Stanford, CA},
  month=aug,
  year=1996,
  publisher=ACM,
}

@proceedings{sigcomm2016,
  booktitle=SIGCOMM,
  address={Florianopolis, Brazil},
  month=aug,
  year=2016,
  publisher=ACM,
}

@proceedings{sigmetrics2015,
  booktitle=SIGMETRICS,
  address={Portland, OR},
  month=jun,
  year=2015,
  publisher=ACM,
}

@proceedings{sigmod1995,
  booktitle=SIGMOD,
  address={San Jose, CA},
  month=may,
  year=1995,
  publisher=ACM,
}

@proceedings{sigmod2011,
  booktitle=SIGMOD,
  address={Athens, Greece},
  month=jun,
  year=2011,
  publisher=ACM,
}

@proceedings{sigmod2012,
  booktitle=SIGMOD,
  address={Scottsdale, AZ},
  month=may,
  year=2012,
  publisher=ACM,
}

@proceedings{sigmod2013,
  booktitle=SIGMOD,
  address={New York, NY},
  month=jun,
  year=2013,
  publisher=ACM,
}

@proceedings{sigmod2016,
  booktitle=SIGMOD,
  address={San Francisco, CA},
  month=jun,
  year=2016,
  publisher=ACM,
}

@proceedings{sigmod2017,
  booktitle=SIGMOD,
  address={Chicago, Illinois},
  month=may,
  year=2017,
  publisher=ACM,
}

@proceedings{sigmod2018,
  booktitle=SIGMOD,
  address={Houston, TX},
  month=jun,
  year=2018,
  publisher=ACM,
}

@proceedings{sigmod2020,
  booktitle=SIGMOD,
  address={Portland, OR},
  month=jun,
  year=2020,
  publisher=ACM,
}

@proceedings{socc2013,
  booktitle=SOCC,
  address={Santa Clara, CA},
  month=oct,
  year=2013,
  publisher=ACM,
}

@proceedings{socc2014,
  booktitle=SOCC,
  address={Seattle, WA},
  month=nov,
  year=2014,
  publisher=ACM,
}

@proceedings{sosp2007,
  booktitle=SOSP,
  address={Stevenson, WA},
  month=oct,
  year=2007,
  publisher=ACM,
}

@proceedings{sosp2011,
  booktitle=SOSP,
  address={Cascais, Portugal},
  month=oct,
  year=2011,
  publisher=ACM,
}

@proceedings{sosp2013,
  booktitle=SOSP,
  address={Farmington, PA},
  month=nov,
  year=2013,
  publisher=ACM,
}

@proceedings{sosp2015,
  booktitle=SOSP,
  address={Monterey, CA},
  month=oct,
  year=2015,
  publisher=ACM,
}

@proceedings{sosp2017,
  booktitle=SOSP,
  address={Shanghai, China},
  month=oct,
  year=2017,
  publisher=ACM,
}

@proceedings{stoc1987,
  booktitle=STOC,
  address={New York, NY},
  month=jan,
  year=1987,
  publisher=ACM,
}

@proceedings{stoc1990,
  booktitle=STOC,
  address={Baltimore, MD},
  month=apr,
  year=1990,
  publisher=ACM,
}

@proceedings{usenixsec2014,
  booktitle=USENIXSEC,
  address={San Diego, CA},
  month=aug,
  year=2014,
  publisher=USENIX,
}

@proceedings{usenixsec2015,
  booktitle=USENIXSEC,
  address={Washington, D.C.},
  month=aug,
  year=2015,
  publisher=USENIX,
}

@proceedings{usenixsec2020,
  booktitle=USENIXSEC,
  address={Virtual Event},
  month=aug,
  year=2020,
  publisher=USENIX,
}

@proceedings{vldb1993,
  booktitle=VLDBCONF,
  address={Dublin, Ireland},
  month=aug,
  year=1993,
  publisher=VLDBEND,
}

@proceedings{vldb2004,
  booktitle=VLDBCONF,
  address={Toronto, Canada},
  month=aug,
  year=2004,
  publisher=VLDBEND,
}
